%% This BibTeX bibliography file was created using BibDesk.
%% http://bibdesk.sourceforge.net/


%% Saved with string encoding Unicode (UTF-8) 



@article{stonebraker1991postgres,
  title={The POSTGRES next generation database management system},
  author={Stonebraker, Michael and Kemnitz, Greg},
  journal={Communications of the ACM},
  volume={34},
  number={10},
  pages={78--92},
  year={1991},
  publisher={ACM}
}


@book{flanagan1998javascript,
  title={JavaScript},
  author={Flanagan, David},
  year={1998},
  publisher={O'Reilly Media, Inc.}
}

        
@misc{SCDPreguntas,
         author = {Preguntas Frecuentes SCD},
         title = {Licencias, http://www.scd.cl/www/index.php/preguntas-frecuentes/},
         publisher = {Sociedad Chilena del Derecho de Autor (SCD)},
         year = {2013},
         Lastchecked = {28 de mayo del 2013}}	









